% sbpy.thermal.NEATM/method:
@ARTICLE{1998Icar..131..291H,
       author = {{Harris}, Alan W.},
        title = "{A Thermal Model for Near-Earth Asteroids}",
      journal = {\icarus},
         year = 1998,
        month = Feb,
       volume = {131},
        pages = {291-301},
          doi = {10.1006/icar.1997.5865},
       adsurl = {https://ui.adsabs.harvard.edu/abs/1998Icar..131..291H},
      adsnote = {Provided by the SAO/NASA Astrophysics Data System}
}


